## Place biblatex entries here.
@book{unpingco2016python,
  title={Python for probability, statistics, and machine learning},
  author={Unpingco, Jos{\'e}},
  edition={3},
  year={2022},
  publisher={Springer}
}

@book{haslwanter2016introduction,
  title={An Introduction to Statistics with Python With Applications in the Life Sciences},
  author={Haslwanter, Thomas},
  year={2022},
  edition={2},
  publisher={Springer}
}

@book{mcnicholas2016mixture,
  title={Mixture model-based classification},
  author={McNicholas, Paul D},
  year={2016},
  publisher={Chapman and Hall/CRC}
}


@book{deisenroth2020mathematics,
  title={Mathematics for machine learning},
  author={Deisenroth, Marc Peter and Faisal, A Aldo and Ong, Cheng Soon},
  year={2020},
  publisher={Cambridge University Press}
}

